<?xml version="1.0" encoding="UTF-8"?><collection xmlns="http://www.loc.gov/MARC21/slim"><record><leader>00617nam--2200205-i-4500</leader><controlfield tag="001">000017127</controlfield><controlfield tag="002">20161230</controlfield><controlfield tag="005">20161230201032</controlfield><controlfield tag="008">060222s1000------------r-----000-0-eng-d</controlfield><datafield ind1=" " ind2=" " tag="020"><subfield code="a">012003901X</subfield></datafield><datafield ind1=" " ind2=" " tag="040"><subfield code="a">IFIN-HH</subfield></datafield><datafield ind1=" " ind2=" " tag="080"><subfield code="a">537.53</subfield></datafield><datafield ind1="1" ind2=" " tag="100"><subfield code="a">Gavrila, Mihai</subfield></datafield><datafield ind1="1" ind2="0" tag="245"><subfield code="a">Atoms in intense laser fields</subfield><subfield code="c">Mihai gavrila (ed.)</subfield></datafield><datafield ind1=" " ind2=" " tag="260"><subfield code="a">San Diego</subfield><subfield code="b">Academic Press Inc</subfield><subfield code="c">1992</subfield></datafield><datafield ind1=" " ind2=" " tag="300"><subfield code="a">XVII + 516 P</subfield></datafield><datafield ind1=" " ind2=" " tag="490"><subfield code="a">Advanced In Atomic, Molecular, And Optical Physics</subfield></datafield><datafield ind1=" " ind2=" " tag="500"><subfield code="a">Donatie Din Partea Dlui Prof. Mihai Gavrila, Pentru Biblioteca Ifa</subfield></datafield><datafield ind1=" " ind2=" " tag="852"><subfield code="a">79973</subfield><subfield code="c">539</subfield></datafield><datafield ind1=" " ind2=" " tag="CAT"><subfield code="a">Sys</subfield><subfield code="c">20111014</subfield><subfield code="h">120549</subfield></datafield></record></collection>